<?xml version="1.0" encoding="UTF-8"?><collection xmlns="http://www.loc.gov/MARC21/slim"><record><leader>00589nam--2200193-i-4500</leader><controlfield tag="001">000014093</controlfield><controlfield tag="002">20161230</controlfield><controlfield tag="005">20161230201030</controlfield><controlfield tag="008">060222s1000------------r-----000-0-rum-d</controlfield><datafield ind1=" " ind2=" " tag="040"><subfield code="a">IFIN-HH</subfield></datafield><datafield ind1=" " ind2=" " tag="041"><subfield code="a">rum</subfield></datafield><datafield ind1=" " ind2=" " tag="080"><subfield code="a">538.975(043)</subfield></datafield><datafield ind1="1" ind2=" " tag="100"><subfield code="a">Diaconu, Elena Despina</subfield></datafield><datafield ind1="1" ind2="0" tag="245"><subfield code="a">Cimpul coercitiv si anizotropia paturilor subtiri din aliaje de tip co-fe</subfield><subfield code="b">Rezumatul tezei</subfield><subfield code="c">Elena despina diaconu</subfield></datafield><datafield ind1=" " ind2=" " tag="260"><subfield code="a">Iasi</subfield><subfield code="b">Universitatea Al.I.Cuza</subfield><subfield code="c">1982</subfield></datafield><datafield ind1=" " ind2=" " tag="300"><subfield code="a">25P</subfield></datafield><datafield ind1=" " ind2=" " tag="502"><subfield code="a">Conducator Stiintific, Prof.Dr.I.D. Bursuc</subfield></datafield><datafield ind1=" " ind2=" " tag="852"><subfield code="a">49926</subfield><subfield code="c">539.2</subfield></datafield><datafield ind1=" " ind2=" " tag="CAT"><subfield code="a">Sys</subfield><subfield code="c">20121105</subfield><subfield code="h">104417</subfield></datafield></record></collection>